% This file was created with JabRef 2.7b.
% Encoding: UTF-8

@INCOLLECTION{Eiben2007,
  author = {A. E. Eiben and Z. Michalewicz and M. Schoenauer and J. E. Smith},
  title = {Parameter Control in Evolutionary Algorithms},
  booktitle = {Parameter Setting in Evolutionary Algorithms},
  editor = {David J. Lipcoll and D. H. Lawrie and A. H. Sameh},
  type = {Chapter},
  chapter = {2},
  pages = {19--46},
  edition = {Third},
  crossref = {ParameterSettingBook07}
}

@INPROCEEDINGS{augerHansenCEC05,
  author = {A. Auger and N. Hansen},
  title = {{A Restart CMA Evolution Strategy with Increasing Population Size}},
  booktitle = {CEC'05},
  year = {2005},
  pages = {1769--1776},
  publisher = {IEEE Press}
}

@ARTICLE{bacchus:pddl,
  author = {F. Bacchus},
  title = {The 2000 {AI} {P}lanning {S}ystems {C}ompetition},
  journal = {Artificial Intelligence Magazine},
  year = {2001},
  volume = {22},
  pages = {47--56},
  number = {3}
}

@INPROCEEDINGS{Bardenet,
  author = {R. Bardenet and B. K{\'e}gl},
  title = {Surrogating the surrogate: accelerating Gaussian-process-based global
	optimization with a mixture cross-entropy algorithm},
  booktitle = {Proceedings of the 27th International Conference on Machine Learning
	(ICML 2010)},
  year = {2010}
}

@INPROCEEDINGS{SPO:CEC05,
  author = {Th. Bartz-Beielstein and C.W.G. Lasarczyk and M. Preuss},
  title = {Sequential Parameter Optimization},
  booktitle = {Proc. CEC'05},
  year = {2005},
  editor = {Bob McKay},
  pages = {773--780},
  publisher = {IEEE Press}
}

@ARTICLE{ben2007,
  author = {H. Benhadda and F. Marcotorchino.},
  title = {L'analyse relationnelle pour la fouille de grandes bases de donn{\'e}es},
  journal = {In Revue des Nouvelles Technologies de l'Information},
  year = {2007},
  volume = {RNTI-A-2}
}

@INPROCEEDINGS{BibEvoCop2009,
  author = {J. Bibai and P. Sav{\'e}ant and M. Schoenauer},
  title = {{Divide-And-Evolve Facing State-of-the-Art Temporal Planners during
	the $6^{th}$ International Planning Competition}},
  booktitle = {EvoCOP'09)},
  year = {2009},
  editor = {C. Cotta and P. Cowling},
  number = {5482},
  series = {LNCS},
  pages = {133--144},
  publisher = {Springer-Verlag},
  url = {http://hal.inria.fr/inria-00356069/fr/},
  x-cle-support = {EvoCOP},
  x-equipe = {IAO},
  x-support = {actes},
  x-theme = {complex},
  x-type = {article}
}

@INPROCEEDINGS{BibGECCO:2010,
  author = {J. Bibai and P. Sav{\'e}ant and M. Schoenauer and V. Vidal},
  title = {On the Generality of Parameter Tuning in Evolutionary Planning},
  booktitle = {Genetic and Evolutionary Computation Conference (GECCO)},
  year = {2010},
  editor = {J. Branke {et al.}},
  pages = {241--248},
  month = {July},
  publisher = {ACM Press},
  url = {http://hal.inria.fr/inria-00463437/fr/}
}

@INPROCEEDINGS{bibai:2009,
  author = {J. Bibai and P. Sav{\'e}ant and M. Schoenauer and V. Vidal},
  title = {{Learning Divide-and-Evolve Parameter Configurations with Racing}},
  booktitle = {ICAPS 2009 proceedings of the Workshop on Planning and Learning },
  year = {2009},
  editor = {Amanda Coles and Andrew Coles and Sergio Jimenez Celorrio and Susana
	Fernandez Arregui and Tomas {de la Rosa}},
  address = {Thessaloniki Gr{\`e}ce },
  organization = {ICAPS and University of Macedonia },
  publisher = {AAAI press},
  page = {53-56}
}

@UNPUBLISHED{deterministic:IPC6,
  author = {J. Bibai and P. Sav{\'e}ant and M. Schoenauer and V. Vidal},
  title = {{DAE : Planning as Artificial Evolution (Deterministic part)}},
  note = {At International Planning Competition (IPC) {\texttt{http://ipc.icaps-conference.org/}}},
  year = {2008}
}

@INPROCEEDINGS{Bibai2010,
  author = {Jacques Biba{\"i} and Pierre Sav\'eant and Marc Schoenauer and Vincent
	Vidal},
  title = {{An Evolutionary Metaheuristic Based on State Decomposition for Domain-Independent
	Satisficing Planning}},
  booktitle = {$20^{th}$ International Conference on Automated Planning and Scheduling
	(ICAPS-2010)},
  year = {2010},
  editor = {Ronen Brafman and H\'ector Geffner and J{\"o}rg Hoffmann and Henry
	Kautz},
  pages = {18-25},
  publisher = {AAAI Press},
  abstract = {{DAEX is a metaheuristic designed to improve the plan quality and
	the scalability of an encapsulated planning system. DAEX is based
	on a state decomposition strategy, driven by an evolutionary algorithm,
	which benefits from the use of a classical planning heuristic to
	maintain an ordering of atoms within the individuals. The proof of
	concept is achieved by embedding the domain-independent satisficing
	YAHSP planner and using the critical path h1 heuristic. Experiments
	with the resulting algorithm are performed on a selection of IPC
	benchmarks from classical, cost-based and temporal domains. Under
	the experimental conditions of the IPC, and in particular with a
	universal parameter setting common to all domains, DAEYAHSP is compared
	to the best planner for each type of domain. Results show that DAEYAHSP
	performs very well both on coverage and quality metrics. It is particularly
	noticeable that DAEX improves a lot on plan quality when compared
	to YAHSP, which is known to provide largely suboptimal solutions,
	making it competitive with state-of-the-art planners. This article
	gives a full account of the algorithm, reports on the experiments
	and provides some insights on the algorithm behavior.}},
  affiliation = {Thales Research and Technology [Palaiseau] - TRT , TAO - INRIA Saclay
	- Ile de France , Laboratoire de Recherche en Informatique - LRI
	, ONERA},
  audience = {internationale },
  file = {:/home/mostepha/Documents/biblio/icaps10.pdf:PDF},
  hal_id = {inria-00456167},
  isbn = {978-1-57735-449-9},
  keywords = {Evolutionary Computation, Automated Planning, Divide-and-Evolve},
  language = {Anglais},
  pdf = {http://hal.inria.fr/inria-00456167/PDF/icaps10.pdf},
  url = {http://hal.inria.fr/inria-00456167}
}

@INPROCEEDINGS{bibaiIPC6,
  author = {Jacques Biba{\"i} and Pierre Sav\'eant and Marc Schoenauer and Vincent
	Vidal},
  title = {{Divide-And-Evolve Facing State-of-the-Art Temporal Planners during
	the $6^{th}$ International Planning Competition}},
  booktitle = {$9^{th}$ European Conference on Evolutionary Computation in Combinatorial
	Optimization (EvoCOP 2009)},
  year = {2009},
  editor = {Carlos Cotta and Peter Cowling},
  volume = {5482},
  series = {Lecture Notes in Computer Science},
  pages = {133--144},
  publisher = {Springer},
  isbn = {978-3-642-01008-8},
  keywords = {Evolutionary Computation, Automated Planning, Divide-and-Evolve}
}

@INPROCEEDINGS{bibai-EvoCOP2010,
  author = {Jacques Biba{\"i} and Pierre Sav\'eant and Marc Schoenauer and Vincent
	Vidal},
  title = {{On the Benefit of Sub-Optimality within the Divide-and-Evolve Scheme}},
  booktitle = {$10^{th}$ European Conference on Evolutionary Computation in Combinatorial
	Optimization (EvoCOP'10)},
  year = {2010},
  editor = {Peter Cowling and Peter Merz},
  volume = {6022},
  series = {Lecture Notes in Computer Science},
  pages = {23--34},
  publisher = {Springer},
  isbn = {978-3-642-12138-8},
  keywords = {Evolutionary Computation, Automated Planning, Divide-and-Evolve}
}

@INPROCEEDINGS{Bibai2009,
  author = {Biba{\"i}, Jacques and Sav{\'e}ant, Pierre and Schoenauer, Marc and
	Vidal, Vincent},
  title = {{Learning Divide-and-Evolve Parameter Configurations with Racing}},
  booktitle = {{ICAPS-09-Workshop on Planning and Learning}},
  year = {2009},
  editor = {AAAI press},
  address = {Thessaloniki, Gr{\`e}ce},
  organization = {ICAPS and University of Macedonia},
  publisher = {AAAI press},
  abstract = {{The sub-optimal DAE planner implements the stochastic approach for
	domain-independent planning decomposition introduced in (Schoenauer,
	Sav{\'e}ant, and Vidal 2006; 2007). This planner optimizes either
	the makespan or the number of actions by generating ordered sequences
	of intermediate goals via a process of artificial evolution. The
	evolutionary part of DAE uses the Evolving Objects (EO) library,
	and the embedded planner it is based on is the non-optimal STRIPS
	planner YAHSP (Vidal 2004). For a given domain, the learning phase
	uses a racing procedure to choose the rates of the different variation
	operators used in DAE, and processes the results obtained during
	this process to specify the predicates that will be later used to
	describe the intermediate goals.}},
  affiliation = {Thales Research and Technology [Palaiseau] - TRT , TAO - INRIA Saclay
	- Ile de France , Centre de Recherche en Informatique de Lens - CRIL},
  audience = {internationale },
  file = {:/home/mostepha/Documents/biblio/ICAPS09-Workshop_on_planning_and_learning.pdf:PDF},
  hal_id = {inria-00406626},
  language = {Anglais},
  pdf = {http://hal.inria.fr/inria-00406626/PDF/ICAPS09-Workshop\_on\_planning\_and\_learning.pdf},
  url = {http://hal.inria.fr/inria-00406626}
}

@INPROCEEDINGS{Bibai:2010:GPT:1830483.1830528,
  author = {Biba{\"i}, Jacques and Sav{\'e}ant, Pierre and Schoenauer, Marc and
	Vidal, Vincent},
  title = {{On the Generality of Parameter Tuning in Evolutionary Planning}},
  booktitle = {Proceedings of the $12^{th}$ annual conference on Genetic and evolutionary
	computation},
  year = {2010},
  series = {GECCO '10},
  pages = {241--248},
  address = {New York, NY, USA},
  publisher = {ACM},
  acmid = {1830528},
  doi = {http://doi.acm.org/10.1145/1830483.1830528},
  file = {:/home/mostepha/Documents/biblio/p241-bibai.pdf:PDF},
  isbn = {978-1-4503-0072-8},
  keywords = {ai planning, memetic algorithms, parameter tuning, racing},
  location = {Portland, Oregon, USA},
  numpages = {8},
  url = {http://doi.acm.org/10.1145/1830483.1830528}
}

@INPROCEEDINGS{BIBAI:2008:INRIA-00354282:1,
  author = {Biba{\"i}, Jacques and Sav{\'e}ant, Pierre and Schoenauer, Marc and
	Vidal, Vincent},
  title = {{DAE: Planning as Artificial Evolution -- (Deterministic part)}},
  booktitle = {{The Sixth International Planning Competition (IPC-6)}},
  year = {2008},
  address = {Sydney, Australie},
  organization = {International Conference on Planning and Scheduling (ICAPS),},
  abstract = {{The sub-optimal DAE planner implements the stochastic approach for
	domain-independent planning decomposition. The purpose of this planner
	is to optimize the makespan, or the number of actions, by generating
	ordered sequences of intermediate goals via a process of artificial
	evolution. For the evolutionary part we used the Evolving Objects
	(EO) library, and to solve each intermediate subproblem we used the
	constraint-based optimal temporal planner CPT. Therefore DAE can
	only solve problems that CPT can solve. Compression of subplans into
	a global solution plan is also achieved efficiently with CPT by exploiting
	causalities found so far. Because the selection of predicates for
	intermediate goal generation is still an open question, we have submitted
	two planners DAE1 and DAE2 that use different strategies for the
	generation of intermediate goals. An empirical formula has been defined
	to set a limit on the number of backtracks allowed for solving the
	intermediate subproblems.}},
  affiliation = {Thales Research and Technology [Palaiseau] - TRT , TAO - INRIA Saclay
	- Ile de France , Centre de Recherche en Informatique de Lens - CRIL},
  audience = {internationale },
  file = {:/home/mostepha/Documents/biblio/deterministic.pdf:PDF},
  hal_id = {inria-00354282},
  language = {Anglais},
  pdf = {http://hal.inria.fr/inria-00354282/PDF/deterministic.pdf},
  url = {http://hal.inria.fr/inria-00354282}
}

@TECHREPORT{BIBAI:2008:INRIA-00322880:2,
  author = {Biba{\"i}, Jacques and Schoenauer, Marc and Sav{\'e}ant, Pierre and
	Vidal, Vincent},
  title = {{Planification Evolutionnaire par D{\'e}composition}},
  institution = {INRIA},
  year = {2008},
  type = {Interne},
  number = {RT-0355},
  abstract = {{Ce rapport pr{\'e}sente l'approche Divide-and-Evolve pour la r{\'e}solution
	g{\'e}n{\'e}rique des probl{\`e}mes de planification temporelle par
	d{\'e}composition. L'id{\'e}e principale de l'approche est la recherche
	des solutions dans l'espace des d{\'e}compositions en {\'e}tats interm{\'e}diaires
	{\`a} l'aide d'un algorithme {\'e}volutionnaire: les solutions candidates
	sont des s{\'e}quences d'{\'e}tats interm{\'e}diaires qui d{\'e}finissent
	successivement les plans partiels du probl{\`e}me initial. Nous nous
	sommes int{\'e}ress{\'e}s {\`a} la r{\'e}solution des probl{\`e}mes
	de type "simple temporal planning problems". La r{\'e}solution des
	s{\'e}quences d'{\'e}tats interm{\'e}diaires et la d{\'e}termination
	d'une solution globale se font {\`a} l'aide du planificateur CPT.
	Ce rapport formalise l'approche, d{\'e}finit l'algorithme Divide-and-Evolve
	et compare les r{\'e}sultats obtenus {\`a} ceux trouv{\'e}s par les
	meilleurs planificateurs existants {\`a} notre connaissance.}},
  affiliation = {TAO - INRIA Saclay - Ile de France , Thales Research and Technology
	[Palaiseau] - TRT , Centre de Recherche en Informatique de Lens -
	CRIL},
  file = {:/home/mostepha/Documents/biblio/RT-0355.pdf:PDF},
  hal_id = {inria-00322880},
  language = {Anglais},
  pdf = {http://hal.inria.fr/inria-00322880/PDF/RT-0355.pdf},
  url = {http://hal.inria.fr/inria-00322880}
}

@INPROCEEDINGS{birattari2002,
  author = {Mauro Birattari and Thomas St{\"u}tzle and Luis Paquete and Klaus
	Varrentrapp},
  title = {{A Racing Algorithm for Configuring Metaheuristics}},
  booktitle = {GECCO '02},
  year = {2002},
  pages = {11--18},
  publisher = {Morgan Kaufmann},
  isbn = {1-55860-878-8}
}

@INPROCEEDINGS{maurogecco02,
  author = {Mauro Birattari and Thomas St{\"u}tzle and Luis Paquete and Klaus
	Varrentrapp},
  title = {A Racing Algorithm for Configuring Metaheuristics},
  booktitle = {GECCO '02: Proceedings of the Genetic and Evolutionary Computation
	Conference},
  year = {2002},
  pages = {11--18},
  address = {San Francisco, CA, USA},
  publisher = {Morgan Kaufmann Publishers Inc.},
  isbn = {1-55860-878-8}
}

@INPROCEEDINGS{Bleuler2003,
  author = {Bleuler, S. and Laumanns, M. and Thiele, L. and Zitzler, E.},
  title = {{PISA -- A Platform and Programming Language Independent Interface
	for Search Algorithms}},
  booktitle = {Evolutionary multi-criterion optimization},
  year = {2003},
  pages = {1--1},
  organization = {Springer}
}

@ARTICLE{BongardPNAS07,
  author = {J. Bonfard and H. Lipson},
  title = {{Automated Reverse Engineering of Nonlinear Dynamical Systems}},
  journal = {PNAS},
  year = {2007},
  volume = {104},
  pages = {9943--9948},
  number = {24}
}

@INPROCEEDINGS{brafman-2006,
  author = {R. I. Brafman and C. Domshlak},
  title = {{F}actored {P}lanning: {H}ow, {W}hen, and {W}hen {N}ot},
  booktitle = {Proc. {AAAI}},
  year = {2006}
}

@INPROCEEDINGS{Morignot-2005,
  author = {A. H. Bri{\'e} and P. Morignot},
  title = {Genetic {P}lanning {U}sing {V}ariable {L}ength {C}hromosomes},
  booktitle = {Proc. ICAPS},
  year = {2005}
}

@ARTICLE{bylander:complexity,
  author = {T. Bylander},
  title = {The {C}omputational {C}omplexity of {P}ropositional {STRIPS} {P}lanning},
  journal = {Artificial Intelligence},
  year = {1994},
  volume = {69},
  pages = {165--204},
  number = {1-2}
}

@INPROCEEDINGS{BibEvoCop:2010,
  author = {{J}acques {B}ibai and {P}ierre {S}av{\'e}ant and {M}arc {S}choenauer
	and {V}incent {V}idal},
  title = {On the Benefit of Sub-Optimality within the Divide-and-Evolve Scheme},
  booktitle = {EvoCOP 2010},
  year = {2010},
  editor = {P. Cowling and P. Merz},
  number = {6022},
  series = {Lecture Notes in Computer Science},
  pages = {23--34},
  publisher = {Springer-Verlag},
  url = {http://hal.inria.fr/inria-00443984/fr/},
  x-cle-support = {EvoCOP},
  x-equipe = {IAO},
  x-support = {actes},
  x-theme = {complex},
  x-type = {article}
}

@INPROCEEDINGS{Bibai:ICAPS2010,
  author = {{J}acques {B}ibai and {P}ierre {S}av{\'e}ant and {M}arc {S}choenauer
	and {V}incent {V}idal},
  title = {An Evolutionary Metaheuristic Based on State Decomposition for Domain-Independent
	Satisficing Planning},
  booktitle = {{I}{C}{A}{P}S 2010},
  year = {2010},
  pages = {18--25},
  publisher = {AAAI press},
  url = {http://hal.archives-ouvertes.fr/docs/00/45/62/92/PDF/icaps10.pdf}
}

@INPROCEEDINGS{candan2011parallel,
  author = {Candan, C. and Dr{\'e}o, J. and Sav{\'e}ant, P. and Vidal, V.},
  title = {Parallel divide-and-evolve: experiments with OpenMP on a multicore
	machine},
  booktitle = {Proceedings of the 13th annual conference on Genetic and evolutionary
	computation},
  year = {2011},
  pages = {1571--1578},
  organization = {ACM},
  file = {:/home/mostepha/Documents/biblio/gecco11.pdf:PDF}
}

@ARTICLE{ChenJAIR-2006,
  author = {Y. Chen and C. Hsu and B. Wah},
  title = {{Temporal Planning using Subgoal Partitioning and Resolution in SGPlan}},
  journal = {Artificial Intelligence},
  year = {2006},
  volume = {26},
  pages = {323--369}
}

@ARTICLE{chen2006temporal,
  author = {Chen, Y. and Wah, B.W. and Hsu, C.W.},
  title = {{Temporal Planning using Subgoal Partitioning and Resolution in SGPlan}},
  journal = {J. of Artificial Intelligence Research},
  year = {2006},
  volume = {26},
  pages = {323--369},
  number = {1},
  publisher = {AI Access Foundation}
}

@BOOK{Deb-book,
  title = {Multi-Objective Optimization Using Evolutionary Algorithms},
  publisher = {John Wiley},
  year = {2001},
  author = {K. Deb}
}

@INPROCEEDINGS{Deb:NSGAII:PPSN2000,
  author = {K. Deb and S. Agrawal and A. Pratab and T. Meyarivan},
  title = {{A Fast Elitist Non-Dominated Sorting Genetic Algorithm for Multi-Objective
	Optimization}},
  booktitle = {PPSN'2000},
  year = {2000},
  editor = {M. Schoenauer {et al.}},
  pages = {849--858},
  publisher = {Springer-Verlag, LNCS 1917}
}

@ARTICLE{Deb2002,
  author = {Deb, K. and Pratap, A. and Agarwal, S. and Meyarivan, T.},
  title = {A fast and elitist multiobjective genetic algorithm: {NSGA-II}},
  journal = {Evolutionary Computation, IEEE Transactions on},
  year = {2002},
  volume = {6},
  pages = {182--197},
  number = {2},
  publisher = {IEEE}
}

@MISC{RapportTGV92,
  author = {C. Desquilbet},
  title = {D{\'e}termination de trajets optimaux par algorithmes g{\'e}n{\'e}tiques},
  howpublished = {Rapport de stage d'option B2 de l'Ecole Polytechnique. Palaiseau,
	France},
  month = {Juin},
  year = {1992},
  note = {Advisor: Marc Schoenauer. In French},
  key = {Theses et Stage}
}

@MISC{Stage_Corentin,
  author = {C. Desquilbet},
  title = {D{\'e}termination de trajets optimaux par algorithmes g{\'e}n{\'e}tiques},
  howpublished = {Rapport de stage d'option B2 de l'Ecole Polytechnique. Palaiseau},
  month = {Juin},
  year = {1992},
  key = {Theses et Stage}
}

@ARTICLE{DO-JAIR-2003,
  author = {M.B. Do and S. Kambhampati},
  title = {Sapa: {A} {M}ulti-{O}bjective {M}etric {T}emporal {P}lanner},
  journal = {JAIR},
  year = {2003},
  volume = {20},
  pages = {155--194}
}

@ARTICLE{Do2003sapa,
  author = {Do, M.B. and Kambhampati, S.},
  title = {{SAPA: A Multi-Objective Metric Temporal Planner}},
  journal = {J. Artif. Intell. Res. (JAIR)},
  year = {2003},
  volume = {20},
  pages = {155--194},
  file = {:/home/mostepha/Documents/biblio/10.1.1.12.2783.pdf:PDF}
}

@INPROCEEDINGS{do2002planning,
  author = {Do, M.B. and Kambhampati, S.},
  title = {Planning graph-based heuristics for cost-sensitive temporal planning},
  booktitle = {Proceedings of AIPS},
  year = {2002},
  volume = {2},
  file = {:/home/mostepha/Documents/biblio/AIPS02-001.pdf:PDF}
}

@ARTICLE{dréo2011divide,
  author = {Dr{\'e}o, J. and Sav{\'e}ant, P. and Schoenauer, M. and Vidal, V.},
  title = {Divide-and-Evolve: the Marriage of Descartes and Darwin},
  year = {2011},
  file = {:/home/mostepha/Documents/biblio/ipc11-dae.pdf:PDF}
}

@INPROCEEDINGS{edelkamp2009optimal,
  author = {Edelkamp, S. and Kissmann, P.},
  title = {{Optimal Symbolic Planning with Action Costs and Preferences}},
  booktitle = {Proc. of the $21^{st}$ International Joint Conference on Artificial
	Intelligence (IJCAI 2009)},
  year = {2009},
  pages = {1690--1695}
}

@ARTICLE{IPL2002,
  author = {A.E. Eiben and M. Schoenauer},
  title = {Evolutionary {C}omputing},
  journal = {Information Processing Letter},
  year = {2002},
  volume = {82},
  pages = {1--6},
  number = {1}
}

@BOOK{EibenSmith2003,
  title = {Introduction to Evolutionary Computing},
  publisher = {Springer Verlag},
  year = {2003},
  author = {A.E. Eiben and J.E. Smith}
}

@ARTICLE{Fikes1971,
  author = {R. Fikes and N. Nilsson},
  title = {{STRIPS}: {A} {N}ew {A}pproach to the {A}pplication of {T}heorem
	{P}roving to {P}roblem {S}olving},
  journal = {Artificial Intelligence},
  year = {1971},
  volume = {1},
  pages = {27--120}
}

@ARTICLE{fikes:strips,
  author = {R. Fikes and N. Nilsson},
  title = {{STRIPS}: {A} {N}ew {A}pproach to the {A}pplication of {T}heorem
	{P}roving to {P}roblem {S}olving},
  journal = {Artificial Intelligence},
  year = {1971},
  volume = {1},
  pages = {27--120}
}

@INPROCEEDINGS{Fonseca2005,
  author = {Fonseca, C.M. and Knowles, J.D. and Thiele, L. and Zitzler, E.},
  title = {{A Tutorial on the Performance Assessment of Stochastic Multiobjective
	Optimizers}},
  booktitle = {Third International Conference on Evolutionary Multi-Criterion Optimization
	(EMO 2005)},
  year = {2005},
  volume = {216}
}

@ARTICLE{Fox-JAIR-2003,
  author = {M. Fox and D. Long},
  title = {{PDDL2.1}: {A}n {E}xtension to {PDDL} for {E}xpressing {T}emporal
	{P}lanning {D}omains},
  journal = {JAIR},
  year = {2003},
  volume = {20},
  pages = {61--124}
}

@ARTICLE{fox:pddl,
  author = {M. Fox and D. Long},
  title = {{PDDL2.1: An extension to {PDDL} for expressing temporal planning
	domains}},
  journal = {JAIR},
  year = {2003},
  volume = {20},
  pages = {61--124}
}

@ARTICLE{Fox-JAIR-1998,
  author = {M. Fox and D. Long},
  title = {The {A}utomatic {I}nference of {S}tate {I}nvariants in {TIM}},
  journal = {JAIR},
  year = {1998},
  volume = {9},
  pages = {367--421}
}

@INPROCEEDINGS{Geffner-AAAI2002,
  author = {H. Geffner},
  title = {Perspectives on {A}rtificial {I}ntelligence {P}lanning},
  booktitle = {Proc. AAAI-2002},
  year = {2002},
  pages = {1013--1023}
}

@INPROCEEDINGS{gelly08,
  author = {Sylvain Gelly and David Silver},
  title = {{Achieving Master Level Play in 9 x 9 Computer Go}},
  booktitle = {Proc. AAAI},
  year = {2008},
  pages = {1537--1540}
}

@INPROCEEDINGS{gerevini2006preferences,
  author = {Gerevini, A. and Long, D.},
  title = {{Preferences and Soft Constraints in PDDL3}},
  booktitle = {ICAPS Workshop on Planning with Preferences and Soft Constraints},
  year = {2006},
  pages = {46--53}
}

@ARTICLE{gerevini2008,
  author = {Gerevini, A. and Saetti, A. and Serina, I.},
  title = {{An Approach to Efficient Planning with Numerical Fluents and Multi-Criteria
	Plan Quality}},
  journal = {Artificial Intelligence},
  year = {2008},
  volume = {172(8-9)},
  pages = {899--944},
  publisher = {Elsevier}
}

@INPROCEEDINGS{gerevini-2003a,
  author = {A. Gerevini and A. Saetti and I. Serina},
  title = {{On Managing Temporal Information for Handling Durative Actions in
	LPG}},
  booktitle = {AI*IA 2003: Advances in Artificial Intelligence},
  year = {2003},
  publisher = {Springer Verlag}
}

@ARTICLE{gerevini-2003b,
  author = {A. Gerevini and A. Saetti and I. Serina},
  title = {{Planning through Stochastic Local Search and Temporal Action Graphs
	in LPG}},
  journal = {JAIR},
  year = {2003},
  volume = {20},
  pages = {239--290}
}

@INPROCEEDINGS{Gomes-1997,
  author = {C.P. Gomes and B. Selman and N. Crato},
  title = {{Heavy-Tailed Distributions in Combinatorial Search}},
  booktitle = {Proc. CP-97},
  year = {1997},
  pages = {121--135}
}

@INPROCEEDINGS{Grefenstette_TSP87,
  author = {J. J. Grefenstette},
  title = {{Incorporating Problem Specific Knowledge in Genetic Algorithms}},
  booktitle = {Genetic Algorithms and Simulated Annealing},
  year = {1987},
  editor = {Davis L.},
  pages = {42--60},
  publisher = {Morgan Kaufmann}
}

@ARTICLE{Grefenstette86,
  author = {J. J. Grefenstette},
  title = {Optimization of Control Parameters for Genetic Algorithms},
  journal = {IEEE Trans. on Systems, Man and Cybernetics},
  year = {1986},
  volume = {SMC-16}
}

@ARTICLE{hansen2009tec,
  author = {N. Hansen and S.P.N. Niederberger and L. Guzzella and P. Koumoutsakos},
  title = {A Method for Handling Uncertainty in Evolutionary Optimization with
	an Application to Feedback Control of Combustion},
  journal = {IEEE Transactions on Evolutionary Computation},
  year = {2009},
  volume = {13},
  pages = {180--197},
  number = {1},
  publisher = {IEEE}
}

@ARTICLE{hansen2001ecj,
  author = {N. Hansen and A. Ostermeier},
  title = {Completely derandomized self-adaptation in evolution strategies},
  journal = {Evolutionary Computation},
  year = {2001},
  volume = {9},
  pages = {159--195},
  number = {2},
  publisher = {MIT Press}
}

@INPROCEEDINGS{HaslumGeffner-ECP-2001,
  author = {P. Haslum and H. Geffner},
  title = {{Heuristic Planning with Time and Resources}},
  booktitle = {Proc. ECP-01},
  year = {2001},
  pages = {121--132}
}

@INPROCEEDINGS{Haslum2000,
  author = {P. Haslum and H. Geffner},
  title = {Admissible {H}euristics for {O}ptimal {P}lanning},
  booktitle = {Proc. AIPS-2000},
  year = {2000},
  pages = {70--82}
}

@INPROCEEDINGS{HaslumGeffner-AIPS-2000,
  author = {P. Haslum and H. Geffner},
  title = {Admissible {H}euristics for {O}ptimal {P}lanning},
  booktitle = {Proc. AIPS-2000},
  year = {2000},
  pages = {70--82}
}

@ARTICLE{malteFD2006,
  author = {Malte Helmert},
  title = {{The Fast Downward Planning System}},
  journal = {{JAIR}},
  year = {2006},
  volume = {26},
  pages = {191--246},
  number = {1},
  issn = {1076-9757},
  publisher = {AI Access Foundation}
}

@ARTICLE{landmarks-2004,
  author = {J. Hoffmann and J. Porteous and L. Sebastia},
  title = {{O}rdered {L}andmarks in {P}lanning},
  journal = {[JAIR}
}

@ARTICLE{hoffmann:competition,
  author = {J{\"o}rg Hoffmann and Stefan Edelkamp},
  title = {The {D}eterministic {P}art of {IPC}-4: {A}n {O}verview},
  journal = {{JAIR}},
  year = {2005},
  volume = {24},
  pages = {519--579}
}

@ARTICLE{hoffmann:nebel:jair-01,
  author = {J{\"o}rg Hoffmann and Bernhard Nebel},
  title = {{The {FF} Planning System: Fast Plan Generation Through Heuristic
	Search}},
  journal = {{JAIR}},
  year = {2001},
  volume = {14},
  pages = {253--302}
}

@INPROCEEDINGS{Hutter06,
  author = {Frank Hutter and Youssef Hamadi and Holger H. Hoos and Kevin Leyton-Brown},
  title = {Performance Prediction and Automated Tuning of Randomized and Parametric
	Algorithms},
  booktitle = {CP 2006},
  year = {2006},
  number = {4204},
  series = {lncs},
  pages = {213--228},
  publisher = {Springer Verlag}
}

@ARTICLE{hutter2009paramils,
  author = {Hutter, F. and Hoos, H.H. and Leyton-Brown, K. and St{\"u}tzle, Th.},
  title = {{ParamILS: an Automatic Algorithm Configuration Framework}},
  journal = {Journal of Artificial Intelligence Research},
  year = {2009},
  volume = {36},
  pages = {267--306},
  number = {1},
  publisher = {AI Access Foundation}
}

@INPROCEEDINGS{hoosSPO++09,
  author = {Frank Hutter and Holger H. Hoos and Kevin Leyton-Brown and Kevin
	P. Murphy},
  title = {{An experimental investigation of model-based parameter optimisation:
	SPO and beyond}},
  booktitle = {GECCO'09},
  year = {2009},
  editor = {{Franz Rothlauf et al.}},
  pages = {271--278},
  publisher = {ACM}
}

@ARTICLE{ParamILS-JAIR,
  author = {Frank Hutter and Holger H. Hoos and Kevin Leyton-Brown and Thomas
	St{\"u}tzle},
  title = {{ParamILS:} An Automatic Algorithm Configuration Framework},
  journal = {Journal of Artificial Intelligence Research},
  year = {2009},
  volume = {36},
  pages = {267--306},
  month = {October}
}

@ARTICLE{shark08,
  author = {Christian Igel and Tobias Glasmachers and Verena Heidrich-Meisner},
  title = {Shark},
  journal = {Journal of Machine Learning Research},
  year = {2008},
  volume = {9},
  pages = {993--996}
}

@INPROCEEDINGS{Kelareva-2007,
  author = {E. Kelareva and O. Buffet and J. Huang and S. Thi{\'e}baux},
  title = {{F}actored {P}lanning {U}sing {D}ecomposition {T}rees},
  booktitle = {Proc. {IJCAI}-07},
  year = {2007}
}

@ARTICLE{koehler:agenda,
  author = {J. Koehler and J. Hoffmann},
  title = {{O}n {R}easonable and {F}orced {G}oal {O}rderings and their {U}se
	in an {A}genda-{D}riven {P}lanning {A}lgorithm},
  journal = {JAIR},
  year = {2000},
  volume = {12},
  pages = {338--386}
}

@ARTICLE{korf:subgoals,
  author = {R. Korf},
  title = {{P}lanning as {S}earch: {A} {Q}uantitative {A}pproach},
  journal = {Artificial Intelligence},
  year = {1987},
  volume = {33},
  pages = {65--88}
}

@BOOK{koza92,
  title = {{Genetic Programming: on the Programming of Computers by Means of
	Natural Selection}},
  publisher = {MIT Press},
  year = {1992},
  author = {John R. Koza},
  address = {Cambridge, MA, USA},
  isbn = {0-262-11170-5}
}

@BOOK{KozaIII,
  title = {Genetic Programming III: Automatic Synthesis of Analog Circuits},
  publisher = {MIT Press},
  year = {1999},
  author = {J. R. Koza and al.}
}

@ARTICLE{fox:competition,
  author = {D. Long and M. Fox},
  title = {The 3rd {I}nternational {P}lanning {C}ompetition: {R}esults and {A}nalysis},
  journal = {JAIR},
  year = {2003},
  volume = {20},
  pages = {1--59}
}

@ARTICLE{lourencco2003iterated,
  author = {Louren{\c{c}}o, H. and Martin, O. and St{\"u}tzle, T.},
  title = {{Iterated Local Search}},
  journal = {Handbook of metaheuristics},
  year = {2003},
  pages = {320--353},
  publisher = {Springer}
}

@ARTICLE{,
  author = {Marc},
  title = {Divide-And-Evolve},
  file = {:/home/mostepha/Documents/biblio/jfpda09.pdf:PDF},
  owner = {mostepha},
  timestamp = {2012.03.12}
}

@ARTICLE{marco1981,
  author = {F. Marcotorchino and P. Michaud},
  title = {Agr{\'e}gation des similarit{\'e}s en Classification Automatique},
  journal = {In Revue de Statistique Appliqu{\'e}e},
  year = {1981},
  volume = {Vol 30-No 2}
}

@INPROCEEDINGS{Maron94hoeffdingraces,
  author = {Oded Maron and Andrew W. Moore},
  title = {{Hoeffding Races: Accelerating Model Selection Search for Classification
	and Function Approximation}},
  booktitle = {In Advances in neural information processing systems 6},
  year = {1994},
  pages = {59--66},
  publisher = {Morgan Kaufmann}
}

@INPROCEEDINGS{MATTHIAS:2011:INRIA-00632375:1,
  author = {Matthias, Brendel and Schoenauer, Marc},
  title = {{Instance-based parameter tuning for evolutionary AI planning}},
  booktitle = {{Genetic and Evolutionary Computation Conference}},
  year = {2011},
  address = {Dublin, Irlande},
  month = Jul,
  abstract = {{Learn-and-Optimize (LaO) is a generic surrogate based method for
	parameter tuning combining learning and optimization. In this paper
	LaO is used to tune Divide-and- Evolve (DaE), an Evolutionary Algorithm
	for AI Planning. The LaO framework makes it possible to learn the
	relation between some features describing a given instance and the
	optimal parameters for this instance, thus it enables to extrapolate
	this knowledge to unknown instances in the same domain. Moreover,
	the learned relation is used as a surrogate-model to accelerate the
	search for the optimal parameters. It hence becomes possible to solve
	intra-domain and extra-domain generalization in a single framework.
	The proposed implementation of LaO uses an Arti cial Neural Network
	for learning the mapping between features and optimal parameters,
	and the Covariance Matrix Adaptation Evolution Strategy for optimization.
	Results demonstrate that LaO is capable of improving the quality
	of the DaE results even with only a few iterations. The main limitation
	of the DaE case-study is the limited amount of meaningful features
	that are available to describe the instances. However, the learned
	model reaches almost the same performance on the test instances,
	which means that it is capable of generalization.}},
  affiliation = {TAO - INRIA Saclay - Ile de France , Microsoft Research - Inria Joint
	Centre - MSR - INRIA},
  audience = {internationale },
  file = {:/home/mostepha/Documents/biblio/gecco2011brendelschoenauerworkshopcameraready.pdf:PDF},
  hal_id = {inria-00632375},
  language = {Anglais},
  pdf = {http://hal.inria.fr/inria-00632375/PDF/gecco2011brendelschoenauerworkshopcameraready.pdf},
  url = {http://hal.inria.fr/inria-00632375}
}

@INPROCEEDINGS{mcallester:planning,
  author = {D. McAllester and D. Rosenblitt},
  title = {Systematic {N}onlinear {P}lanning},
  booktitle = {Proc. AAAI-91},
  year = {1991},
  pages = {634--639}
}

@ARTICLE{mcdermott:pddl,
  author = {D. McDermott},
  title = {The 1998 {AI} {P}lanning {S}ystems {C}ompetition},
  journal = {Artificial Intelligence Magazine},
  year = {2000},
  volume = {21},
  pages = {35--56},
  number = {2}
}

@UNPUBLISHED{pddl,
  author = {D. McDermott},
  title = {{PDDL} -- {T}he {P}lanning {D}omain {D}efinition {l}anguage},
  note = {At {\texttt{http://ftp.cs.yale.edu/pub/mcdermott}}},
  year = {1998}
}

@INCOLLECTION{Merz:Freisleben99,
  author = {P. Merz and B. Freisleben},
  title = {Fitness Landscapes and Memetic Algorithm Design},
  booktitle = {New Ideas in Optimization},
  publisher = {McGraw-Hill},
  year = {1999},
  editor = {David Corne and Marco Dorigo and Fred Glover},
  pages = {245--260},
  address = {London}
}

@INPROCEEDINGS{Montero:2010,
  author = {Elizabeth Montero and Mar{\'i}a-Cristina Riff and Bertrand Neveu},
  title = {An evaluation of off-line calibration techniques for evolutionary
	algorithms},
  booktitle = {Proc. ACM-GECCO},
  year = {2010},
  pages = {299--300},
  publisher = {ACM},
  acmid = {1830540},
  doi = {http://doi.acm.org/10.1145/1830483.1830540},
  isbn = {978-1-4503-0072-8},
  keywords = {evolutionary algorithms, parameter setting problem},
  location = {Portland, Oregon, USA},
  numpages = {2},
  url = {http://doi.acm.org/10.1145/1830483.1830540}
}

@ARTICLE{marc05chaise,
  author = {Philippe Morel and Hatem Hamda and Marc Schoenauer},
  title = {{Computational Chair Design using Genetic Algorithms}},
  journal = {Concept},
  year = {2005},
  volume = {71},
  pages = {95--99},
  number = {3}
}

@TECHREPORT{Moscato89,
  author = {P. Moscato},
  title = {{On Evolution, Search, Optimization, Genetic Algorithms and Martial
	Arts: Towards Memetic Algorithms}},
  institution = {Caltech Concurrent Computation Program, C3P},
  year = {1989},
  number = {Caltech Concurrent Computation Program}
}

@INPROCEEDINGS{muslea97,
  author = {Ion Muslea},
  title = {{SINERGY: A Linear Planner Based on Genetic Programming}},
  booktitle = {Proc. ECP '97},
  year = {1997},
  pages = {312--324},
  publisher = {Springer-Verlag}
}

@INPROCEEDINGS{NannenE07,
  author = {V. Nannen and A. E. Eiben},
  title = {{Relevance Estimation and VAlue Calibration of Evolutionary Algorithm
	Parameters}},
  booktitle = {Proc. Intl. Joint Conference on Artificial Intelligence},
  year = {2007},
  editor = {{M. Veloso}},
  pages = {975--980}
}

@INPROCEEDINGS{Nannen07,
  author = {V. Nannen and S. K. Smit and A. E. Eiben},
  title = {Costs and Benefits of Tuning Parameters of Evolutionary Algorithms},
  booktitle = {Proceedings of the 10th Conference on Parallel Problem Solving from
	Nature},
  year = {2008}
}

@INPROCEEDINGS{NewtonLevineFoxLong-2007,
  author = {M.A. H. Newton and J. Levine and M. Fox and D. Long},
  title = {{Learning Macro-Actions for Arbitrary Planners and Domains}},
  booktitle = {Proc. ICAPS},
  year = {2007}
}

@TECHREPORT{nissen,
  author = {N. Nissen},
  title = {{Implementation of a Fast Artificial Neural Network Library (FANN)}},
  institution = {Department of Computer Science University of Copenhagen (DIKU)},
  year = {2003},
  url = {http://heanet.dl.sourceforge.net/project/fann/fann_doc/1.0/fann_doc_complete_1.0.pdf}
}

@INPROCEEDINGS{Qiang,
  author = {X. Qiang and G. Cheng and Zh. Wang},
  title = {An overview of some classical Growing Neural Networks and new developments},
  booktitle = {Proceedings of the 2nd International Conference on Education Technology
	and Computer (ICETC)},
  year = {2010}
}

@INPROCEEDINGS{Radcliffe-variance,
  author = {N. J. Radcliffe and P. D. Surry},
  title = {{Fitness Variance of Formae and Performance Prediction}},
  booktitle = {Foundations of Genetic Algorithms 3},
  year = {1995},
  editor = {L. D. Whitley and M. D. Vose},
  pages = {51--72},
  publisher = {Morgan Kaufmann}
}

@INPROCEEDINGS{ReevesFOGA94,
  author = {Colin R. Reeves and Christine C. Wright},
  title = {An Experimental Design Perspective on Genetic Algorithms},
  booktitle = {FOGA 3},
  year = {1994},
  editor = {D. Whitley and M. D. Vose},
  pages = {7--22},
  publisher = {Morgan Kaufmann}
}

@ARTICLE{Refanidis2003,
  author = {Ioannis Refanidis and Ioannis Vlahavas},
  title = {{M}ultiobjective {H}euristic {S}tate-{S}pace {P}lanning},
  journal = {Artificial Intelligence},
  year = {2003},
  volume = {145},
  pages = {1--32},
  number = {1},
  doi = {10.1016/S0004-3702(02)00371-5},
  file = {:/home/mostepha/Documents/biblio/1-s2.0-S0004370202003715-main.pdf:PDF},
  issn = {0004-3702},
  keywords = {Planning},
  url = {http://www.sciencedirect.com/science/article/pii/S0004370202003715}
}

@ARTICLE{refanidis2003multiobjective,
  author = {Refanidis, I. and Vlahavas, I.},
  title = {{Multiobjective Heuristic State-Space Planning}},
  journal = {Artificial Intelligence},
  year = {2003},
  volume = {145},
  pages = {1--32},
  number = {1},
  publisher = {Elsevier}
}

@INPROCEEDINGS{richterLama,
  author = {Silvia Richter and Malte Helmert and Matthias Westphal},
  title = {{Landmarks Revisited}},
  booktitle = {{AAAI'08}},
  year = {2008},
  pages = {975--982},
  publisher = {AAAI Press},
  isbn = {978-1-57735-368-3}
}

@ARTICLE{savéantevolutionary,
  author = {Sav{\'e}ant, P. and Schoenauer, M. and Biba{\i}, J. and Vidal, V.
	and Lens, F.},
  title = {Evolutionary State Decomposition for Temporal Planning},
  file = {:/home/mostepha/Documents/biblio/jfpda09.pdf:PDF}
}

@ARTICLE{Goldberg-ECJ-1999,
  author = {J.L. Schlabach and C.C. Hayes and D.E. Goldberg},
  title = {{FOX-GA}: {A} {G}enetic {A}lgorithm for {G}enerating and {A}nalyzing
	{B}attlefield {C}ourses of {A}ction},
  journal = {Evolutionary Computation},
  year = {1999},
  volume = {7},
  pages = {45--68},
  number = {1}
}

@INCOLLECTION{springerlink:10.1007/978-3-540-72960-0_9,
  author = {Marc Schoenauer and Pierre Sav\'{e}ant and Vincent Vidal},
  title = {{Divide-and-{E}volve: a {S}equential {H}ybridization {S}trategy {U}sing
	{E}volutionary {A}lgorithms}},
  booktitle = {Advances in Metaheuristic Methods for Hard Optimization},
  publisher = {Springer},
  year = {2008},
  editor = {Patrick Siarry and Zbigniew Michalewicz},
  series = {Natural Computing},
  pages = {179--198},
  address = {Berlin},
  isbn = {978-3-540-72959-4},
  keywords = {Evolutionary Computation, Automated Planning, Divide-and-Evolve}
}

@INPROCEEDINGS{DAE:EvoCOP06,
  author = {Marc Schoenauer and Pierre Sav{\'e}ant and Vincent Vidal},
  title = {{Divide-and-Evolve: a New Memetic Scheme for Domain-Independent Temporal
	Planning}},
  booktitle = {Proc. EvoCOP'06},
  year = {2006},
  editor = {J. Gottlieb and G. Raidl},
  publisher = {Springer Verlag}
}

@INPROCEEDINGS{Schoenauer2006,
  author = {Marc Schoenauer and Pierre Sav{\'e}ant and Vincent Vidal},
  title = {{Divide-and-Evolve: a New Memetic Scheme for Domain-Independent Temporal
	Planning}},
  booktitle = {$6^{th}$ European Conference on Evolutionary Computation in Combinatorial
	Optimization (EvoCOP 2006)},
  year = {2006},
  editor = {Jens Gottlieb and G{\"u}nther R. Raidl},
  volume = {3906},
  series = {Lecture Notes in Computer Science},
  pages = {247--260},
  publisher = {Springer},
  isbn = {978-3-540-33178-0},
  keywords = {Evolutionary Computation, Automated Planning, Machine Learning, Divide-and-Evolve}
}

@INPROCEEDINGS{DAE:book-2007,
  author = {Marc Schoenauer and Pierre Sav{\'e}ant and Vincent Vidal},
  title = {{Divide-and-Evolve: a Sequential Hybridization Strategy using Evolutionary
	Algorithms}},
  booktitle = {{Advances in Metaheuristics for Hard Optimization}},
  year = {2007},
  editor = {Z. Michalewicz and P. Siarry},
  pages = {179--198},
  publisher = {Springer}
}

@ARTICLE{SebastiaAICom-2006,
  author = {L. Sebastia and E. Onaindia and E. Marza},
  title = {{Decomposition of Planning Problems}},
  journal = {AI Communications},
  year = {2006},
  volume = {19(1)},
  pages = {49--81}
}

@INPROCEEDINGS{weld:time,
  author = {D. Smith and D. S. Weld},
  title = {Temporal {P}lanning with {M}utual {E}xclusion {R}easoning},
  booktitle = {Proc. IJCAI},
  year = {1999},
  pages = {326--337}
}

@INPROCEEDINGS{Spector-AAAI-94,
  author = {L. Spector},
  title = {Genetic {P}rogramming and {AI} {P}lanning {S}ystems},
  booktitle = {Proc. AAAI 94},
  year = {1994},
  pages = {1329--1334},
  publisher = {AAAI/MIT Press}
}

@ARTICLE{Valenzuela-1994,
  author = {C. L. Valenzuela and A. J. Jones},
  title = {{Evolutionary Divide and Conquer (I): a Novel Genetic Approach to
	the TSP}},
  journal = {Evolutionary Computation},
  year = {1994},
  volume = {1(4)},
  pages = {313--333}
}

@INPROCEEDINGS{V:icaps04,
  author = {Vincent Vidal},
  title = {A Lookahead Strategy for Heuristic Search Planning},
  booktitle = {Proceedings of the 14th International Conference on Automated Planning
	and Scheduling (ICAPS'04)},
  year = {2004},
  pages = {150--159},
  address = {Whistler, BC, Canada},
  month = jun,
  publisher = {AAAI Press}
}

@INPROCEEDINGS{Vidal04,
  author = {Vincent Vidal},
  title = {{A Lookahead Strategy for Heuristic Search Planning}},
  booktitle = { International Conference on Automated Planning \& Scheduling - ICAPS$14^{th}$},
  year = {2004},
  pages = {150--160}
}

@INPROCEEDINGS{Vidal2004,
  author = {Vidal, Vincent},
  title = {{A Lookahead Strategy for Heuristic Search Planning}},
  booktitle = {Proceedings of the $14^{th}$ ICAPS},
  year = {2004},
  pages = {150-159},
  publisher = {AAAI Press}
}

@ARTICLE{vidal:aij06,
  author = {V. Vidal and H. Geffner},
  title = {Branching and {P}runing: {A}n {O}ptimal {T}emporal {POCL} {P}lanner
	based on {C}onstraint {P}rogramming},
  journal = {Artificial Intelligence},
  year = {2006},
  volume = {170},
  pages = {298--335},
  number = {3}
}

@INPROCEEDINGS{vidal:ecpt,
  author = {V. Vidal and H Geffner},
  title = {Solving {S}imple {P}lanning {P}roblems with {M}ore {I}nference and
	{N}o {S}earch},
  booktitle = {Proc. CP},
  year = {2005},
  pages = {682--696}
}

@INPROCEEDINGS{vidal:aaai04,
  author = {V. Vidal and H. Geffner},
  title = {Branching and {P}runing: {A}n {O}ptimal {T}emporal {POCL} {P}lanner
	based on {C}onstraint {P}rogramming},
  booktitle = {Proc. {AAAI}},
  year = {2004},
  pages = {570--577}
}

@ARTICLE{weld:planning,
  author = {D. S. Weld},
  title = {An {I}ntroduction to {L}east {C}ommitment {P}lanning},
  journal = {AI Magazine},
  year = {1994},
  volume = {15},
  pages = {27--61},
  number = {4}
}

@INPROCEEDINGS{westerberg:2001,
  author = {C. Henrik Westerberg and John Levine},
  title = {{Investigations of Different Seeding Strategies in a Genetic Planner}},
  booktitle = {Applications of Evolutionary Computing},
  year = {2001},
  editor = {{E.J.W. Boers et al.}},
  pages = {505--514},
  publisher = {LNCS 2037, Springer-Verlag}
}

@INPROCEEDINGS{westerberg:2000,
  author = {C Henrik Westerberg and John Levine},
  title = {{``GenPlan'': Combining Genetic Programming and Planning}},
  booktitle = {19th PLANSIG Workshop},
  year = {2000},
  editor = {Max Garagnani}
}

@INPROCEEDINGS{Whitley_TSP89,
  author = {D. Whitley and T. Starkweather and D. Fuquay},
  title = {{Scheduling Problems and Traveling Salesman: The Genetic Edge Recombination
	Operator}},
  booktitle = {Proc. $3^{rd}$ Intl Conf. on Genetic Algorithms},
  year = {1989},
  editor = {J.~D.~Schaffer},
  publisher = {Morgan Kaufmann}
}

@INPROCEEDINGS{Gallagher07-1,
  author = {B. Yuan and M. Gallagher},
  title = {Combining {M}eta-{EA}s and {R}acing for {D}ifficult {EA} {P}arameter
	{T}uning {T}asks},
  booktitle = {Parameter Setting in Evolutionary Algorithms},
  year = {2007},
  pages = {121--142},
  publisher = {Springer-Verlag},
  keywords = {Neural Networks, Genetic Alogrithm}
}

@INPROCEEDINGS{Yuan04,
  author = {Bo Yuan and Marcus Gallagher},
  title = {{Statistical Racing Techniques for Improved Empirical Evaluation
	of Evolutionary Algorithms}},
  booktitle = {Parallel Problem Solving from Nature - PPSN VIII},
  year = {2004},
  series = {LNCS 3242},
  pages = {172--181},
  publisher = {Springer Verlag}
}

@INPROCEEDINGS{Zitzler2004,
  author = {Zitzler, E. and K{\"u}nzli, S.},
  title = {{Indicator-Based Selection in Multiobjective Search}},
  booktitle = {$8^{th}$ International Conference on Parallel Problem Solving from
	Nature-PPSN VIII},
  year = {2004},
  pages = {832--842},
  organization = {Springer}
}

@INPROCEEDINGS{Zitzler2002,
  author = {E. Zitzler and M. Laumanns and L. Thiele},
  title = {{SPEA2: Improving the Strength Pareto Evolutionary Algorithm for
	Multiobjective Optimization}},
  booktitle = {Evol. Methods Design Optim. Control Applicat. Ind. Prob. (EUROGEN)},
  year = {2002},
  pages = {95--100}
}

@TECHREPORT{Zitzler2001,
  author = {Zitzler, E. and Laumanns, M. and Thiele, L.},
  title = {{SPEA2: Improving the Strength Pareto Evolutionary Algorithm}},
  institution = {Swiss Federal Institute of Technology},
  year = {2001},
  publisher = {Eidgen{\"o}ssische Technische Hochschule Z{\"u}rich (ETH), Institut
	f{\"u}r Technische Informatik und Kommunikationsnetze (TIK)}
}

@BOOK{ECJ-MA,
  title = {{Evolutionary Computation -- Special Issue on Memetic Algorithms}},
  publisher = {MIT Press},
  year = {2004},
  editor = {W.E. Hart and N. Krasnogor and J.E.Smith},
  volume = {12:3}
}

@BOOK{MemeticBook:2005,
  title = {Recent Advances in Memetic Algorithms},
  publisher = {Springer Verlag},
  year = {2005},
  editor = {W.E. Hart and N. Krasnogor and J.E. Smith},
  series = {Studies in Fuzziness and Soft Computing, Vol. 166}
}

@BOOK{ParameterSettingBook07,
  title = {Parameter Setting in Evolutionary Algorithms},
  publisher = {Springer},
  year = {2007},
  editor = {F.G. Lobo and C.F. Lima and Z. Michalewicz},
  address = {Berlin}
}

@BOOK{practice08,
  title = {Evolutionary Computation in Practice},
  publisher = {Studies in Computational Intelligence 88, Springer Verlag},
  year = {2008},
  editor = {Tina Yu and Lawrence Davis and Cem Baydar and Rajkumar Roy}
}

@PROCEEDINGS{DBLP:conf/aips/2004,
  title = {Proceedings of the Fourteenth International Conference on Automated
	Planning and Scheduling (ICAPS 2004), June 3-7 2004, Whistler, British
	Columbia, Canada},
  year = {2004},
  editor = {Shlomo Zilberstein and Jana Koehler and Sven Koenig},
  publisher = {AAAI},
  bibsource = {DBLP, http://dblp.uni-trier.de},
  booktitle = {ICAPS},
  isbn = {1-57735-200-9}
}

@ARTICLE{eiben99parameter,
  author = {A. E. Eiben and R. Hinterding and Z. Michalewicz},
  title = {Parameter Control in {E}volutionary {A}lgorithms},
  journal = {IEEE Transactions on Evolutionary Computation},
  year = {1999},
  volume = {3},
  pages = {124},
  number = {2},
  url = {citeseer.nj.nec.com/eiben00parameter.html}
}

@comment{jabref-meta: selector_publisher:}

@comment{jabref-meta: selector_author:}

@comment{jabref-meta: selector_journal:}

@comment{jabref-meta: selector_keywords:}

